@article{Mertens2015dup,
abstract = {This thesis concerns the study of high-temperature string theory on curved backgrounds, generalizing the notions of Hagedorn temperature and thermal scalar to general backgrounds. Chapter 2 contains a review on string thermodynamics in flat space, setting the stage. Chapters 3 and 4 contain the detailed study of the random walk picture in a general curved background. Chapters 5 and 6 then apply this to Rindler space, the near-horizon approximation of a generic (uncharged) black hole. Chapters 7 and 8 contain a study of the AdS3 and BTZ WZW models where we study the thermal spectrum and the resulting random walk picture that emerges. Chapters 9 and 10 attempt to draw general conclusions from the study of the two specific examples earlier: we draw lessons on string thermodynamics in general and on (perturbative) string thermodynamics around black hole horizons. For the latter, we point out a possible link to the firewall paradox. Finally, chapter 11 contains a detailed discussion on the near-Hagedorn (and high-energy) stress tensor in a generic spacetime, the results of which are applied to provide a description of the Bekenstein-Hawking entropy in terms of long string equilibration.},
archivePrefix = {arXiv},
arxivId = {1506.07798},
author = {Mertens, Thomas G.},
eprint = {1506.07798},
file = {:home/jinawee/Documents/Clase/TFG/Papers/1506.07798v1.pdf:pdf},
mendeley-groups = {TFG},
title = {{Hagedorn String Thermodynamics in Curved Spacetimes and near Black Hole Horizons}},
url = {http://arxiv.org/abs/1506.07798},
year = {2015}
}

@book{Susskind,
abstract = {- A unique exposition of the foundations of the quantum theory of black holes including the impact of string theory, the idea of black hole complementarily and ...},
archivePrefix = {arXiv},
arxivId = {arXiv:1011.1669v3},
author = {Susskind, Leonard and Lindesay, James},
booktitle = {Book},
doi = {10.1017/CBO9781107415324.004},
eprint = {arXiv:1011.1669v3},
file = {:home/jinawee/Documents/Clase/TFG/Papers/[Leonard{\_}Susskind,{\_}James{\_}Lindesay]{\_}An{\_}Introduction(BookZZ.org).pdf:pdf},
isbn = {9812560831},
issn = {9812560831},
mendeley-groups = {TFG},
pages = {183},
pmid = {25246403},
title = {{Black holes, information and the string theory revolution}},
year = {2005}
}

%%% contains utf-8, see: https://inspirehep.net/info/faq/general#utf8
%%% add \usepackage[utf8]{inputenc} to your latex preamble

@phdthesis{Barbado:2015uua,
      author         = "Barbado, Luis C.",
      title          = "{Percepción de las radiaciones Hawking y Unruh por
                        distintos observadores: aplicaciones de la función de
                        temperatura efectiva}",
      school         = "Granada U.",
      year           = "2014",
      url            = "https://inspirehep.net/record/1338344/files/arXiv:1501.02636.pdf",
      eprint         = "1501.02636",
      archivePrefix  = "arXiv",
      primaryClass   = "gr-qc",
      SLACcitation   = "%%CITATION = ARXIV:1501.02636;%%"
}

@article{Tong:2009np,
      author         = "Tong, David",
      title          = "{String Theory}",
      year           = "2009",
      eprint         = "0908.0333",
      archivePrefix  = "arXiv",
      primaryClass   = "hep-th",
      SLACcitation   = "%%CITATION = ARXIV:0908.0333;%%",
      url = {http://www.damtp.cam.ac.uk/user/tong/string.html}
}

@article{Atick1988,
abstract = {Extending recent discussions of the Hagedorn transition in string theory, we argue that this transition is a first-order phase transition with a very large heat (corresponding to a genus-zero contribution to the free energy that appears above the critical temperature). Formally analyzing the k-loop contributions to the free energy at temperatures far above the Hagedorn temperature leads to a number of interesting speculations about the underlying degrees of freedom in string theory. ?? 1988.},
author = {Atick, Joseph J. and Witten, Edward},
doi = {10.1016/0550-3213(88)90151-4},
file = {:home/jinawee/Documents/Clase/TFG/Papers/atick1988.pdf:pdf},
issn = {05503213},
journal = {Nuclear Physics, Section B},
mendeley-groups = {TFG},
number = {2},
pages = {291--334},
title = {{The Hagedorn transition and the number of degrees of freedom of string theory}},
volume = {310},
year = {1988}
}

@inproceedings{Mertens2016,
      author         = "Mertens, Thomas G. and Verschelde, Henri and Zakharov,
                        Valentin I.",
      title          = "{Hagedorn temperature and physics of black holes}",
      booktitle      = "{4th International Conference on New Frontiers in Physics
                        (ICNFP 2015) Kolymbari, Greece, August 23-30, 2015}",
      url            = "https://inspirehep.net/record/1456962/files/arXiv:1605.02785.pdf",
      year           = "2016",
      eprint         = "1605.02785",
      archivePrefix  = "arXiv",
      primaryClass   = "hep-th",
      SLACcitation   = "%%CITATION = ARXIV:1605.02785;%%"
}

@phdthesis{Mertens2015,
      author         = "Mertens, Thomas G.",
      title          = "{Hagedorn String Thermodynamics in Curved Spacetimes and
                        near Black Hole Horizons}",
      school         = "Gent U.",
      year           = "2015",
      url            = "https://inspirehep.net/record/1377988/files/arXiv:1506.07798.pdf",
      eprint         = "1506.07798",
      archivePrefix  = "arXiv",
      primaryClass   = "hep-th",
      SLACcitation   = "%%CITATION = ARXIV:1506.07798;%%"
}

@article{Susskind1993,
      author         = "Susskind, Leonard",
      title          = "{Some speculations about black hole entropy in string
                        theory}",
      year           = "1993",
      eprint         = "hep-th/9309145",
      archivePrefix  = "arXiv",
      primaryClass   = "hep-th",
      reportNumber   = "RU-93-44",
      SLACcitation   = "%%CITATION = HEP-TH/9309145;%%"
}

@article{Strominger,
      author         = "Strominger, Andrew and Vafa, Cumrun",
      title          = "{Microscopic origin of the Bekenstein-Hawking entropy}",
      journal        = "Phys. Lett.",
      volume         = "B379",
      year           = "1996",
      pages          = "99-104",
      doi            = "10.1016/0370-2693(96)00345-0",
      eprint         = "hep-th/9601029",
      archivePrefix  = "arXiv",
      primaryClass   = "hep-th",
      reportNumber   = "HUTP-96-A002, RU-96-01",
      SLACcitation   = "%%CITATION = HEP-TH/9601029;%%"
}

@article{Atick:1988si,
      author         = "Atick, Joseph J. and Witten, Edward",
      title          = "{The Hagedorn Transition and the Number of Degrees of
                        Freedom of String Theory}",
      journal        = "Nucl. Phys.",
      volume         = "B310",
      year           = "1988",
      pages          = "291-334",
      doi            = "10.1016/0550-3213(88)90151-4",
      reportNumber   = "IASSNS-HEP-88-14",
      SLACcitation   = "%%CITATION = NUPHA,B310,291;%%"
}
